@PHDTHESIS{1976PhDT........81L,
author = {{Lowerre}, B.~T.},
title = {The Harpy speech recognition system},
keywords = {Knowledge, Speech Recognition, Dictionaries, Grammars, Heuristic Methods, Performance Tests},
school = {Carnegie-Mellon Univ., Pittsburgh, PA.},
year = 1976,
month = 4,
adsurl = {http://adsabs.harvard.edu/abs/1976PhDT........81L},
adsnote = {Provided by the SAO/NASA Astrophysics Data System}
}

@article{rabiner1986introduction,
title={An introduction to hidden Markov models},
author={Rabiner, Lawrence R and Juang, Biing-Hwang},
journal={ieee assp magazine},
volume={3},
number={1},
pages={4--16},
year={1986},
publisher={Citeseer}
}


@INBOOK{LeCun1998-nt,
title = "The Handbook of Brain Theory and Neural Networks",
author = "{LeCun, Yann and Bengio, Yoshua}",
editor = "{Arbib, Michael A}",
publisher = "MIT Press",
pages = "255--258",
chapter = "Convolutional Networks for Images, Speech, and Time Series",
year = 1998,
address = "Cambridge, MA, USA"
}

@book{ivakhnenko1965cybernetic,
title={Cybernetic predicting devices},
author={Ivakhnenko, Alekse{\u\i} Grigor'evich and Lapa, Valentin Grigor{\'e}vich},
year={1965},
publisher={CCM Information Corporation}
}


@ARTICLE{hopfeild,
title = "Neural networks and physical systems with emergent collective",
author={John J. Hopfield},
year=1982
}

@article{lstm,
title={Long short-term memory},
author={Hochreiter, Sepp and Schmidhuber, J{\"u}rgen},
journal={Neural computation},
volume={9},
number={8},
url={http://www.cs.bham.ac.uk/~pjh/sem1a5/pt1/pt1_history.html},
pages={1735--1780},
year={1997},
publisher={MIT Press}
}

@article{forget,
title={Learning to forget: Continual prediction with LSTM},
author={Gers, Felix A and Schmidhuber, J{\"u}rgen and Cummins, Fred},
year={1999},
publisher={IET}
}

@website{nlp,
url={http://www.cs.bham.ac.uk/~pjh/sem1a5/pt1/pt1_history.html},
author={P J Hancox},
accessed={28 Nov 2018}
}

@article{juang2005automatic,
title={Automatic speech recognition--a brief history of the technology development},
author={Juang, Biing-Hwang and Rabiner, Lawrence R},
journal={Georgia Institute of Technology. Atlanta Rutgers University and the University of California. Santa Barbara},
volume={1},
pages={67},
year={2005}
}

@article{davis1952automatic,
title={Automatic recognition of spoken digits},
author={Davis, KH and Biddulph, R and Balashek, Stephen},
journal={The Journal of the Acoustical Society of America},
volume={24},
number={6},
pages={637--642},
year={1952},
publisher={ASA}
}

@website{shoebox,
url={https://www.ibm.com/ibm/history/exhibits/specialprod1/specialprod1_7.html},
company={IBM},
accessed={28 Nov 2018}
}

@website{siri,
url={https://www.apple.com/siri/},
company={IBM},
accessed={28 Nov 2018}

}

@website{wired,
url={https://www.wired.com/2016/08/an-exclusive-look-at-how-ai-and-machine-learning-work-at-apple/},
company={IBM},
author={Steven Levy},
accessed={28 Nov 2018}

}

@article{mikolov2013efficient,
  title={Efficient estimation of word representations in vector space},
  author={Mikolov, Tomas and Chen, Kai and Corrado, Greg and Dean, Jeffrey},
  journal={arXiv preprint arXiv:1301.3781},
  year={2013}
}

@article{tsai2017always,
  title={Always-on speech recognition using truenorth, a reconfigurable, neurosynaptic processor},
  author={Tsai, Wei-Yu and Barch, Davis R and Cassidy, Andrew S and DeBole, Michael V and Andreopoulos, Alexander and Jackson, Bryan L and Flickner, Myron D and Arthur, John V and Modha, Dharmendra S and Sampson, John and others},
  journal={IEEE Transactions on Computers},
  volume={66},
  number={6},
  pages={996--1007},
  year={2017},
  publisher={IEEE}
}